<record><leader>00000cas a22000007a 4500</leader><controlfield tag="001">11849074</controlfield><controlfield tag="008">850326d18741877iauwr ne      0    0eng d</controlfield><datafield ind1=" " ind2=" " tag="010"><subfield code="a">sn 85050770 </subfield></datafield><datafield ind1=" " ind2=" " tag="040"><subfield code="a">INP</subfield><subfield code="b">eng</subfield><subfield code="c">INP</subfield><subfield code="d">OCLCQ</subfield></datafield><datafield ind1=" " ind2=" " tag="042"><subfield code="a">msc</subfield></datafield><datafield ind1="0" ind2="4" tag="245"><subfield code="a">The Nevada watchman.</subfield></datafield><datafield ind1="1" ind2="3" tag="246"><subfield code="a">Watchman</subfield></datafield><datafield ind1=" " ind2=" " tag="260"><subfield code="a">Nevada, Iowa :</subfield><subfield code="b">J.C. Stoddard,</subfield><subfield code="c">-1877.</subfield></datafield><datafield ind1=" " ind2=" " tag="300"><subfield code="a">v. :</subfield><subfield code="b">ill.</subfield></datafield><datafield ind1=" " ind2=" " tag="310"><subfield code="a">Weekly</subfield></datafield><datafield ind1="1" ind2=" " tag="362"><subfield code="a">Began in Aug., 1874.</subfield><subfield code="z">Cf. Bibl. of Iowa newspapers.</subfield></datafield><datafield ind1="0" ind2=" " tag="362"><subfield code="a">-v. 4, no. 14 (Dec. 5, 1877).</subfield></datafield><datafield ind1=" " ind2=" " tag="500"><subfield code="a">Publisher varies.</subfield></datafield><datafield ind1=" " ind2=" " tag="500"><subfield code="a">"Independent," "Greenback."</subfield></datafield><datafield ind1=" " ind2=" " tag="588"><subfield code="a">Description based on: Vol. 3, no. 5 (Oct. 4, 1876).</subfield></datafield><datafield ind1=" " ind2=" " tag="752"><subfield code="a">United States</subfield><subfield code="b">Iowa</subfield><subfield code="c">Story</subfield><subfield code="d">Nevada.</subfield></datafield><datafield ind1="0" ind2="0" tag="785"><subfield code="t">Story County watchman</subfield><subfield code="w">(DLC)sn 85050771</subfield></datafield></record>